% This volume

@InCollection{dobrushina2019a,
  author = 	 {Dobrushina, Nina},
  title = 	 {The language and people of {M}ehweb},
  booktitle = 	 {The {M}ehweb language: {E}ssays on phonology, morphology and syntax},
  publisher = {Language Science Press},
  year = 	 2019,
  editor = 	 {Michael Daniel and Nina Dobrushina and Dmitry Ganenkov},
  pages = 	 {1--15},
  address = 	 {Berlin}}

@InCollection{moroz2019,
  author = 	 {Moroz, George},
  title = 	 {Phonology of {M}ehweb},
  booktitle = 	 {The {M}ehweb language: {E}ssays on phonology, morphology and syntax},
  editor = 	 {Michael Daniel and Nina Dobrushina and Dmitry Ganenkov},
  publisher = {Language Science Press},
  year = 	 2019,
  pages = 	 {17--37},
  address = 	 {Berlin}}

@InCollection{chechuro2019,
  author = 	 {Ilya Chechuro},
  title = 	 {Nominal morphology of {M}ehweb},
  booktitle = 	 {The {M}ehweb language: {E}ssays on phonology, morphology and syntax},
  publisher = {Language Science Press},
  year = 	 2019,
  editor = 	 {Michael Daniel and Nina Dobrushina and Dmitry Ganenkov},
  pages = 	 {39--72},
  address = 	 {Berlin}}

@InCollection{daniel2019,
  author = 	 {Daniel, Michael},
  title = 	 {Mehweb verb morphology},
  booktitle = 	 {The {M}ehweb language: {E}ssays on phonology, morphology and syntax},
  publisher = {Language Science Press},
  year = 	 2019,
  editor = 	 {Michael Daniel and Nina Dobrushina and Dmitry Ganenkov},
  pages = 	 {73--115},
  address = 	 {Berlin}}

@InCollection{dobrushina2019,
  author = 	 {Dobrushina, Nina},
  title = 	 {Moods in {M}ehweb},
  booktitle = 	 {The {M}ehweb language: {E}ssays on phonology, morphology and syntax},
  publisher = {Language Science Press},
  year = 	 2019,
  editor = 	 {Michael Daniel and Nina Dobrushina and Dmitry Ganenkov},
  pages = 	 {117--165},
  address = 	 {Berlin}}


@InCollection{barylnikova2019,
  author = 	 {Daria Barylnikova},
  title = 	 {Periphrastic causative constructions in {M}ehweb},
  booktitle = 	 {The {M}ehweb language: {E}ssays on phonology, morphology and syntax},
  publisher = {Language Science Press},
  year = 	 2019,
  editor = 	 {Michael Daniel and Nina Dobrushina and Dmitry Ganenkov},
  pages = 	 {167--187},
  address = 	 {Berlin}}

@InCollection{ganenkov2019,
  author = 	 {Ganenkov, Dmitry},
  title = 	 {Case and agreement in {M}ehweb},
  booktitle = 	 {The {M}ehweb language: {E}ssays on phonology, morphology and syntax},
  publisher = {Language Science Press},
  year = 	 2019,
  editor = 	 {Michael Daniel and Nina Dobrushina and Dmitry Ganenkov},
  pages = 	 {189--234},
  address = 	 {Berlin}}

@InCollection{sheyanova2019,
  author = 	 {Sheyanova, Maria},
  title = 	 {Specialized converbs in {M}ehweb},
  booktitle = 	 {The {M}ehweb language: {E}ssays on phonology, morphology and syntax},
  publisher = {Language Science Press},
  year = 	 2019,
  editor = 	 {Michael Daniel and Nina Dobrushina and Dmitry Ganenkov},
  pages = 	 {235--253},
  address = 	 {Berlin}}

@InCollection{kustova2019,
  author = 	 {Kustova, Marina},
  title = 	 {General converbs in {M}ehweb},
  booktitle = 	 {The {M}ehweb language: {E}ssays on phonology, morphology and syntax},
  publisher = {Language Science Press},
  year = 	 2019,
  editor = 	 {Michael Daniel and Nina Dobrushina and Dmitry Ganenkov},
  pages = 	 {255--270},
  address = 	 {Berlin}}

@InCollection{kozhukhar2019,
  author = 	 {Aleksandra Kozhukhar},
  title = 	 {The self-pronoun in {M}ehweb},
  booktitle = 	 {The {M}ehweb language: {E}ssays on phonology, morphology and syntax},
  publisher = {Language Science Press},
  year = 	 2019,
  editor = 	 {Michael Daniel and Nina Dobrushina and Dmitry Ganenkov},
  pages = 	 {271--293},
  address = 	 {Berlin}}


@InCollection{lander2019,
  author = 	 {Lander, Yury},
  title = 	 {The {M}ehweb “assertive” copula gʷa: a sketch of a portrait},
  booktitle = 	 {The {M}ehweb language: {E}ssays on phonology, morphology and syntax},
  publisher = {Language Science Press},
  year = 	 2019,
  editor = 	 {Michael Daniel and Nina Dobrushina and Dmitry Ganenkov},
  pages = 	 {315--331},
  address = 	 {Berlin}}


% Preface

@Article{kibrik1997,
  author = 	 {Kibrik, Aleksandr},
  title = 	 {Beyond subject and object: {T}oward a comprehensive relational typology},
  journal = 	 {Linguistic typology},
  year = 	 1997,
  volume = 	 1,
  number = 	 3,
  pages = 	 {1-68}}

% Chapter 2

@inbook{bailey2008,
author = {Guy Bailey},
publisher = {Wiley-Blackwell},
isbn = {9780470756591},
title = {Real and Apparent Time},
booktitle = {The Handbook of Language Variation and Change},
chapter = {12},
pages = {312-332},
eprint = {https://onlinelibrary.wiley.com/doi/pdf/10.1002/9780470756591.ch12},
year = {2008},
keywords = {language change, language variation, contemporary linguistics, real‐time examination, apparent time},
abstract = {Summary This chapter contains sections titled: Apparent‐time Evidence in Martha's Vineyard The Use of Apparent‐time Evidence The Use of Real‐time Evidence Progress with Caution}
}

@Comment{ doi = {10.1002/9780470756591.ch12}}
@Comment{ url = {https://onlinelibrary.wiley.com/doi/abs/10.1002/9780470756591.ch12}}

@inbook{bailey2013,
author = {Patricia Cukor‐Avila and Guy Bailey},
publisher = {Wiley-Blackwell},
isbn = {9781118335598},
title = {Real Time and Apparent Time},
booktitle = {The Handbook of Language Variation and Change},
chapter = {11},
pages = {237-262},
eprint = {https://onlinelibrary.wiley.com/doi/pdf/10.1002/9781118335598.ch11},
year = {2013},
keywords = {apparent‐time, Labov, language change, Martha's Vineyard, real‐time},
abstract = {Summary In work on Martha's Vineyard, William Labov developed methodological innovations that allowed linguists to track the progress of linguistic changes and established the basis for a synchronic approach to language change. Perhaps the most important innovation was the apparent‐time construct, a surrogate for the real‐time examination of data at different points in history. Over the last 30 years linguists have used the apparent‐time construct in many situations to make inferences about ongoing changes. Researchers desiring to use real‐time evidence for studying language change have two options: (i) comparison of evidence from a new study to some pre‐existing data, or (ii) re‐survey of a community or a group of informants after a time‐lapse. Researchers should be careful when making assumptions based on apparent‐time data from adolescents and teenagers, and they must be alert both to the possible effects of sociolectal adjustments and to age‐grading with adult cohorts.}
}

@Comment {doi = {10.1002/9781118335598.ch11}}
@Comment {url = {https://onlinelibrary.wiley.com/doi/abs/10.1002/9781118335598.ch11}}



@InCollection{chirikba2008,
  author = 	 {Viacheslav Chirikba},
  title = 	 {The problem of the {C}aucasian {S}prachbund},
  booktitle = 	 {From linguistic areas to areal linguistics},
  editor = {Pieter Muysken},
  publisher = {John Benjamins},
  year = 	 2008,
  series = 	 {Studies in Language Companion Series},
  pages = 	 {25-93},
  number = 	 {90},
  }

@Comment{ doi           = {10.1075/slcs.90.02chi}}


@article{comrie2008,
  title={Linguistic diversity in the {C}aucasus},
  author={Comrie, Bernard},
  journal={Annual Review of Anthropology},
  volume={37},
  pages={131--143},
  year={2008},
  publisher={Annual Reviews}
}

@incollection{daniel-dobrushina-knyazev2011,
  title={Highlander’s {R}ussian: {C}ase Study in Bilingualism and Language Interference in {C}entral {D}aghestan},
  author={Daniel, Michael and Dobrushina, Nina and Knyazev, Sergey},
  booktitle={Instrumentarium of Linguistics: {S}ociolinguistic Approach to Non-Standard {R}ussian},
  series = 	 {Slavica Helsingiensia},
  editor = 	 {Arto Mustajoki and Ekaterina Protassova and Nikolai Vakhtin},
  number = {40},
  pages={65--93},
  year=2011,
  address = 	 {Helsinki}
}


@article{dobrushina2013,
  title={How to study multilingualism of the past: {I}nvestigating traditional contact situations in {D}aghestan},
  author={Dobrushina, Nina},
  journal={Journal of {S}ociolinguistics},
  volume={17},
  number={3},
  pages={376--393},
  year={2013},
  publisher={Wiley Online Library}
}


@book{khajdakov1985,
  title={Darginskij i megebskij jazyki (principy slovoizmenenija) \upshape[{D}argwa and {M}ehweb {D}argwa]},
  author={Khajdakov, Said},
  year={1985},
  publisher={Nauka},
  address = 	 {Moscow}
}

@incollection{komarov1873,
  author = 	 {Komarov, A. V.},
  title = 	 {Narodonaselenie {D}agestanskoj oblasti \upshape[{P}opulation of the region of {D}aghestan]},
  booktitle = 	 {Zapiski {K}avkaz\-sko\-go otdela {I}mperatorskogo {R}usskogo geografičeskogo obščestva},
  year = 	 1873,
  volume = 	 {VIII},
  pages = 	 {32-49},
  note = 	 {Tiflis}}



@incollection{komarov1868,
  author = 	 {Komarov, A. V.},
  title = 	 {Adaty i sudoproizvodstvo po nim \upshape[{A}dats, and legal processes based on them]},
  booktitle = 	 {Sbornik svedenij o kavkazskix gorcax},
  year = 	 1868,
  volume = 	 {1},
  pages = 	 {14-18},
  address = 	 {Tiflis}
}

@InCollection{koryakov-sumbatova2007,
  author = 	 {Koryakov, Yuri and Sumbatova, Nina},
  title = 	 {Darginskie jazyki \upshape[{D}argwa languages]},
  booktitle = 	 {{BRÈ}},
  publisher = {Naučnoe izd-vo “Bol'šaja rossijskaja ènciklopedija”},
  year = 	 2007,
  pages = 	 {328-329},
  address = 	 {Moscow}}

@TechReport{kozhukhar-barylnikova2013,
  author = 	 {Kozhukhar, Aleksandra and Barylnikova, Daria},
  title = 	 {Multilingualism in {D}agestan},
  institution =  {Higher School of Economics},
  year = 	 2013,
  type = 	 {Research Paper},
  number = 	 {WP BRP, 4}}


@inproceedings{koryakov2013,
  title={Convergence and divergence in the classification of {D}argwa languages},
  author={Koryakov, Yuri},
  booktitle={{46th Annual Meeting of the Societas Linguistica Europaea ({SLE} 2013). Book of Abstracts. Part{~}1}},
  pages={193--194},
  year={2013},
  publisher = 	 {University of Split},
  note = 	 {18--21 September},
  address = 	 {Split}
}

@Booklet{svod1893,
  title = 	 {Svod statističeskix dannyx o naselenii {Z}akavkazskogo kraja, izvlečennyx iz posemejnyx spiskov 1886 g. \upshape[{C}ompendium of statistical data on the population of {T}ranscaucasia, as based on family census lists]},
  address = 	 {Tiflis},
  year = 	 1893}


@Book{sumbatova-lander2014,
  author = 	 {Sumbatova, Nina and Lander, Yury},
  title = 	 {Darginskij govor selenija {T}anty: {G}rammatičeskij očerk, voprosy sintaksisa \upshape[{T}anti {D}argwa: {G}rammar survey and essays on syntax]},
  publisher = 	 {Jazyki slavjanskoj kul'tury},
  year = 	 2014,
  address = 	 {Moscow}}

@incollection{sumbatova2011,
  title={Person hierarchies and the problem of person marker origin in {D}argwa: {F}acts and diachronic problems},
  author={Sumbatova, Nina},
  booktitle={Tense, aspect, modality and finiteness in {E}ast {C}aucasian languages},
  number =30,
  series = 	 {Diversitas linguarum},
  pages={131--160},
  editor = 	 {Gilles Authier and Timur Maisak},
  publisher={Brockmeyer},
  year=2011,
  address = 	 {Bochum}
}




@Comment{тишков2007множественные,
@Comment   title={Множественные идентичности между теорией и политикой (пример Дагестана)},
@Comment   author={Тишков, ВА and Кисриев, ЭФ},
@Comment   journal={Этнографическое обозрение},
@Comment   number={5},
@Comment   pages={96--115},
@Comment   year={2007},
@Comment   publisher={Федеральное государственное унитарное предприятие Академический научно-издательский, производственно-полиграфический и книгораспространительский центр Российской академии наук Издательство Наука}
@Comment }

@InCollection{tishkov-kisriev2007,
  author = 	 {Tishkov, Valentin and Kisriev, Enver},
  title = 	 {Množestvennye identičnosti meždu teoriej i politikoj (primer {D}agestana) \upshape[{M}ultiple identities in {D}aghestan: {T}heory and practice]},
  booktitle = 	 {Ètnokul'turnyj oblik {R}ossii. {P}erepis' 2002 goda},
  publisher = {Nauka},
  year = 	 2007,
  editor = 	 {V. V. Stepanov and  V. A. Tishkov},
  pages = 	 {93-124},
  address = 	 {Moscow}}


@Booklet{uslar1892,
  author = 	 {Uslar, Petr},
  title = 	 {Ètnografija {K}avkaza. {J}azykoznanie. {V}. {X}jurkilinskij jazyk \upshape[{E}thnography of the {C}aucasus. {L}inguistics. {V}. {K}hjurkili language]},
  year = 	 1892,
  address = 	 {Tiflis}}


@book{wixman1980,
  title={Language aspects of ethnic patterns and processes in the {N}orth {C}aucasus},
  author={Wixman, Ronald},
  year=1980,
  publisher={University of Chicago},
  address = 	 {Chicago}
}

@Unpublished{magomedkhanov2009,
  author = 	 {Magomedkhanov, Magomedkhan},
  title = 	 {Obrazcy pismennosti arčincev \upshape[{S}amples of {A}rchi writing]},
  year = {2009},
  note = 	 {In: Antro\-po\-lo\-gičeskij forum, No. 11},
  url ={http://www.intelros.ru/pdf/Antropo_Forum_online/2009_11/11_online_05_magomedkhanov.pdf}
}





% Chapter 3

@incollection{kiparsky1968,
  title={Linguistic universals and linguistic change},
  booktitle = {Universals in linguistic theory},
  author={Kiparsky, Paul},
  editor={Bach, Emmon and Harms, Robert T.},
  publisher = {Holt, Rinehart and Winston},
  address  =  {New York},
  year={1968},
  page = {170--202}
}

@book{goldsmith1976,
  title={Autosegmental phonology},
  author={Goldsmith, John A.},
  year={1976},
  publisher={Indiana University Linguistics Club},
  address={Bloomington}
}

@book{magometov1982,
  title={Megebskij dialekt darginskogo jazyka: {I}ssledovanie i teksty {\upshape [{M}ehweb {D}argwa: {G}rammar survey and texts]}},
  author={Magometov, Aleksandr},
  year={1982},
   publisher = {Mecniereba},
  address  =  {Tbilisi}
}

@book{ladefoged1996,
  title={The Sounds of the World’s Languages},
  author={Ladefoged, Peter and Maddieson, Ian},
  year={1996},
  publisher={Blackwell Publishers},
  address={Oxford}  
}




@incollection{moroz2014,
    title={Imennoe udarenie v darginskix jazykax \upshape[{N}ominal stress in {D}argwa]},
    author={Moroz, George},
    booktitle={Aktualnye voprosy teoretičeskoj i prikladnoj fonetiki. {S}bornik statej k jubileju {O}. {F}. {K}rivnovoj},
    pages={245--269},
    year={2014},
    address = {Moscow},
    publisher={Buki Vedi}
}


@InCollection{rubin2001,
  author = 	 {Rubin, E.},
  title = 	 {Figure and Ground},
  booktitle = 	 {Visual Perception},
  publisher = {Psychology Press},
  year = 	 2001,
  editor = 	 {Yantis, S.},
  pages = 	 {225-229},
  address = 	 {Philadelphia}}


% Chapter 4






@Book{haspelmath-sims2010,
  title={Understanding {M}orphology},
  author={Haspelmath, Martin and Sims, Andrea D.},
  year={2010},
  publisher = 	 {Hodder},
  address = 	 {London}
}


@Book{kibrik2003,
  author = 	 {Kibrik, Aleksandr},
  title = 	 {Konstanty i peremennye jazyka {\upshape[{L}anguage: {V}ariables and invariants]}},
  publisher = 	 {Aleteja},
  year = 	 2003,
  address = 	 {St. Petersburg}}


@book{langacker1987,
  title={Foundations of cognitive grammar: {T}heoretical pre\-re\-quisites},
  author={Langacker, Ronald W.},
  volume={1},
  year={1987},
  publisher={Stanford University Press},
  address={Stanford}
}





% chapter 5

@inproceedings{ageeva2014,
  title={Kauzativy v megebskom jazyke {\upshape[{C}ausatives in {M}ehweb]}},
  author={Ageeva, Ekaterina},
  booktitle={Problemy jazyka: {S}bornik naučnyx statej po materialam tret'ej konferencii-školy “{P}roblemy jazyka: {V}zgljad molodyx učenyx”},
  year=2014,
  publisher={Institut jazykoznanija RAN},
  editor = 	 {E. M. Devjatkina and  D. S. Ganenkov and Ju. V. Mazurova and  D. V. Makhovikov and A. B. Shluinskij},
  address = 	 {Moscow}
}



@incollection{comrie2003,
  title={Recipient person suppletion in the verb “give”},
  author={Comrie, Bernard},
  booktitle={Language and life: {E}ssays in memory of {Kenneth L. Pike}},
  pages={265--281},
  year={2003},
  publisher={SIL International and the University of Texas at Arlington},
  editor = 	 {Wise, Mary Ruth and Headland, Thomas N. and Brend, Ruth M.},
  address = 	 {Dallas}
}


@article{creissels2008,
  title={Person variations in {A}khvakh verb morphology: {F}unctional motivation and origin of an uncommon pattern},
  author={Creissels, Denis},
  journal={STUF-Language Typology and Universals Sprachtypologie und Universalienforschung},
  volume={61},
  number={4},
  pages={309--325},
  year={2008},
  publisher={Akademie Verlag GmbH}
}

@incollection{creissels2018,
  title={Perfective tenses and epistemic modality in {N}orthern {A}khvakh},
  author={Creissels, Denis},
  booktitle={The semantics of verbal categories in {N}akh-{D}aghestanian languages: {T}ense, aspect, evidentiality, mood and modality},
  pages={166-187},
  year={2018},
  publisher={Brill},
  address = 	 {Leiden-Boston},
  editor = 	 {Forker, Diana and Timur Maisak}
}




@incollection{daniel-maisak-merdanova2012,
  title={Causatives in {A}gul},
  author={Daniel, Michael and Maisak, Timur and Merdanova, Solmaz},
  booktitle={Argument structure and grammatical relations: {A} crosslinguistic typology},
  editor={Suihkonen, Pirkko and Comrie, Bernard and Solovyev, Valery},
  volume=126,
  year=2012,
  publisher={John Benjamins},
  pages={55-113},
  address = 	 {Amsterdam, Philadelphia}
}

@InCollection{daniel-maisak2014,
  author = 	 {Daniel, Michael and Maisak, Timur},
  title = 	 {Grammatikalizacija verifikativa: {O}b odnoj agul'sko-arčinskoj paralleli {\upshape[{G}rammaticalization of the category of verificative: {A} shared innovation in {A}rchi and {A}ghul]}},
  booktitle = 	 {Jazyk. {K}onstanty. {P}eremennye: {P}amjati {A}leksandra {E}vgen'eviča
{K}ibrika},
  publisher = {Aleteja},
  year = 	 2014,
  editor = 	 {Daniel, M. A. and E. A. Ljutikova and V. A. Plungian and S. G. Tatevosov and O. V. Fedorova},
  pages = 	 {377-406},
  address = 	 {St. Petersburg}}


@incollection{daniel-etal2010,
  title={Ditransitive constructions in {E}ast {C}aucasian},
  author={Daniel, Michael and Molochieva, Zarina and Khalilova, Zaira},
  booktitle={Studies in {D}itransitive construction: {A} comprehensive handbook},
  pages={277--315},
  year=2010,
  publisher={Walter de Gruyter},
  address = 	 {Berlin, New York}
}

@InCollection{daniel2018:aspectual,
  author = 	 {Daniel, Michael},
  title = 	 {Aspectual stems in three {E}ast {C}aucasian languages},
  booktitle = 	 {The semantics of verbal categories in {N}akh-{D}aghestanian languages: {T}ense, aspect, evidentiality, mood and modality},
  publisher = {Brill},
  year = 	 2018,
  editor = 	 {Forker, Diana and Timur Maisak},
  pages = 	 {247-266},
  address = 	 {Leiden-Boston}}









@InCollection{forker2018,
  author = 	 {Forker, Diana},
  title = 	 {The Semantics of Evidentiality and Epistemic Modality in {A}var},
  booktitle = 	 {The semantics of verbal categories in {N}akh-{D}aghestanian languages: {T}ense, aspect, evidentiality, mood and modality},
  publisher = {Brill},
  year = 	 2018,
  editor = 	 {Forker, Diana and Timur Maisak},
  pages = 	 {188-214},
  address = 	 {Leiden-Boston}}



@incollection{haspelmath1993,
  title={More on the typology of inchoative/causative verb alternations},
  author={Haspelmath, Martin},
  booktitle={Causatives and transitivity},
  editor={Comrie, Bernard and Polinsky, Maria},
  series={Studies in Language Companion series},
   number ={23},
  publisher = 	 {John Benjamins},
  pages={87--121},
  year={1993}
}

@Book{kibrik1975,
  author = 	 {Kibrik, Aleksandr and Sandro Kodzasov and Irina Olovjannikova and Jalil Samedov},
  title = 	 {Opyt strukturnogo opisanija arčinskogo jazyka {\upshape[{T}owards a structural description of {A}rchi]}},
  publisher = 	 {Moscow State University},
  year = 	 1975,
  address = 	 {Moscow}}








@InProceedings{maisak2012,
  author = 	 {Maisak, Timur},
  title = 	 {Konstrukcija s topikalizacijej predikata v dagestanskikh jazykakh {\upshape[{P}redicate topicalization in the languages of {D}aghestan]}},
  booktitle = {{III} meždunarodnaja naučno-praktičeskaja konferencija “{K}ontensivnaja tipologija estestvennyx jazykov”. {M}axačkala, {M}ay 23-24},
  year = 	 2012,
  pages = 	 {30-39},
  address = 	 {Maxačkala},
  publisher = {DGU}}


@InCollection{maisak-merdanova2004,
  author = 	 {Maisak, Timur and Solmaz Merdanova},
  title = 	 {“{P}roverjatel'naja forma” v agul'skom jazyke: {S}truktura, semantika i gipoteza o proisxoždenii {\upshape[{V}erificative in {A}ghul: {M}orphological structure, semantics, and hypothetical origins]}},
  booktitle = 	 {Issledovanija po teorii grammatiki. {V}ol. 3. {I}rrealis i irrealnost'},
  publisher = {Gnozis},
  year = 	 2004,
  editor = 	 {Lander, Yu. A. and V. A. Plungian and A. Ju. Urmanchieva},
  pages = 	 {430-455}}


@article{maisak2016,
  title={Morphological fusion without syntactic fusion: {T}he case of the “verificative” in {A}gul},
  author={Maisak, Timur},
  journal={Linguistics},
  volume={54},
  number={4},
  pages={815--870},
  year={2016},
  publisher={De Gruyter}
}


@unpublished{sumbatova:unpublished,
  author = 	 {Sumbatova, Nina},
  title = 	 {Mehweb paradigms},
  note = 	 {Unpublished manuscript},
  label = 	 {unpublished}
  }


% Chapter 6

@Article{belyaev2012,
  author = 	 {Belyaev, Oleg},
  title = 	 {Aspektual'no-temporal'naja sistema aštynskogo dialecta darginskogo jazyka {\upshape[{A}spectual temporal system of {A}shty {D}argwa]}},
  journal = 	 {Acta Linguistica Petropolitana},
  year = 	 2012,
  volume = 	 8,
  number = 	 4,
  pages = 	 {181-227}}

@Unpublished{belyaev:ocherk,
  author = 	 {Belyaev, Oleg},
  title = 	 {Grammatičeskij očerk aštynskogo jazyka {\upshape[{A} grammar of {A}shty]}},
  note = 	 {Manuscript}}


@Unpublished{belyaev:shiri,
  author = 	 {Belyaev, Oleg},
  title = 	 {The {TAM} system of {S}hiri {D}argwa and the semantic evolution of perfective past},
  note = 	 {Manuscript}}


@book{charachidze1981,
  title={Grammaire de la langue avar: {L}angue du {C}aucase nord-est},
  author={Charachidzé, Georges},
  year={1981},
  publisher={Ed. Jean-Favard},
  series = 	 {Document de linguistique quantitative},
  address = 	 {Paris},
  number = 	 {38}
}

@Unpublished{creissels:optative,
  author = 	 {Creissels, Denis},
  title = 	 {Optative in {A}khvakh},
  note = 	 {Manuscript}}


@InCollection{dobrushina2011,
  author = 	 {Dobrushina, Nina},
  title = 	 {The Optative domain in {E}ast {C}aucasian languages},
  booktitle = 	 {Tense, aspect, modality and finiteness in {E}ast {C}aucasian languages},
  publisher = {Brockmeyer},
  year = 	 2011,
  editor = 	 {Gilles Authier and Timur Maisak},
  number = 	 30,
  series = 	 {Diversitas linguarum},
  pages = 	 {95-130},
  address = 	 {Bochum}}


@incollection{dobrushina-merdanova2012,
  title={Concessive constructions in {A}gul},
  author={Dobrushina, Nina and Merdanova, Solmaz},
  booktitle={Typology of concessive constructions},
  pages={477--494},
  year={2012},
  editor = 	 {V. S. Xrakovskij},
  publisher={Lincom Europa},
  address = 	 {Munich}
}

@article{dobrushina2012,
  title={What is the Jussive for? {A} study of third person commands in six {C}aucasian languages},
  author={Dobrushina, Nina},
  journal={Linguistics},
  volume={50},
  number={1},
  pages={1--25},
  year={2012},
  publisher={De Gruyter}
}

@InCollection{dobrushina2001,
  author = 	 {Dobrushina, Nina},
  title = 	 {Naklonenie i modal'nost' \upshape[{M}ood and modality]},
  booktitle = 	 {Bagvalinskij jazyk. {G}rammatika. {T}eksty. {S}lovari},
  publisher = {Nasledie},
  year = 	 2001,
  editor = 	 {Kibrik, A. E. and Kazenin, K. I. and  E. A. Ljutikova and S. G. Tatevosov},
  address = 	 {Moscow}}

@InCollection{evans2007,
  author = 	 {Evans, Nicholas},
  title = 	 {Insubordination and its uses},
  booktitle = 	 {Finiteness},
  publisher = {Oxford University Press},
  year = 	 2007,
  editor = 	 {I. Nikolaeva}}

@article{forker2016,
  title={Toward a typology for additive markers},
  author={Forker, Diana},
  journal={Lingua},
  volume={180},
  pages={69--100},
  year={2016},
  publisher={Elsevier}
}

@Unpublished{forker:sanzhi,
  author = 	 {Forker, Diana},
  title = 	 {The grammar of {S}anzhi},
  note = 	 {In preparation}}


@article{haiman1978,
  title={Conditionals are topics},
  author={Haiman, John},
  journal={Language},
  pages={564--589},
  year={1978},
  volume = 	 {54},
  number = 	 {3}
}


@phdthesis{khalilova2009,
  title={A grammar of {K}hwarshi},
  author={Khalilova, Zaira},
  year={2009},
  school={LOT, Netherlands Graduate School of Linguistics, Utrecht,}
}

@Book{kibrik1977,
  author = 	 {Kibrik, Aleksandr},
  title = 	 {Opyt strukturnogo opisanija arčinskogo jazyka \upshape[{T}owards a structural description of {A}rchi]},
  publisher = 	 {Izdatel'stvo Moskovskogo universiteta},
  year = 	 1977,
  address = 	 {Moscow},
  volume = 	 {2}}


@Booklet{maisak2010,
  title = 	 {Predicate topicalization in {E}ast {C}aucasian languages},
  author = 	 {Maisak, Timur},
  howpublished = {Handout at the conference Syntax of the World’s Languages IV, Lyon, 23-26 September},
  year = 	 2010}


@misc{daniel-maisak2016,
  author = 	 {Michael Daniel and Maisak, Timur},
  title = 	 {Evidential constructions with the auxiliary ‘find’: {A}n areal feature across {E}ast {C}aucasian},
  note = {Symposium on evidentiality, egophoricity, and engagement: {D}escriptive
and typological perspectives. 17–18 {M}arch 2016, {S}tockholm {U}niversity},
  year = 	 2016}



@InCollection{maisak-daniel2018,
  author = 	 {Maisak, Timur and Daniel, Michael},
  title = 	 {Černaja koška grammatikalizacii: {K}onstrukcii s glagolom ‘najti’ v dagestanskix jazykax \upshape[{A} black cat of grammaticalization. {C}onstructions with ‘find’ in some {D}aghestanian languages]},
  booktitle = 	 {Èvrika! {S}bornik statej o poiskax i naxodkax k jubileju {E. V. Raxilinoj}},
  publisher = {Labirint},
  year = 	 2018,
  editor = 	 {D. A. Ryzhova and B. V. Orehov and N. R. Dobrushina and T. I. Reznikova and A. A. Bonch-Osmolovskaja and A. S. Vyrenkova and M. V. Kjuseva},
  address = 	 {Moscow},
  pages = 	 {120-149}}

@incollection{mauri-sanso2016,
  title={The Linguistic Marking of (Ir)Realis and Subjunctive},
  author={Mauri, Caterina and Sans{\`o}, Andrea},
  booktitle={{H}andbook of {M}odality and {M}ood},
  year = 	 {2016},
  editor = 	 {Nuyts, Jan and {van der Auwera}, Johan},
  publisher = 	 {Oxford University Press},
  address = {Oxford},
  pages = {166-195}
}


@unpublished{sumbatova:mehweb-grammar,
  author = 	 {Sumbatova, Nina},
  title = 	 {The sketch of {M}ewheb grammar},
  note = 	 {Manuscript}
  }

@book{mutalov-sumbatova2003,
  title={A grammar of {I}cari {D}argwa},
  author={Mutalov, Rasul and Sumbatova, Nina},
  year=2003,
  publisher={Lincom Europa},
  address = 	 {Munich},
   series={Languages of the World Series},
   number = 92
}

@book{vandenberg2001,
  title={Dargi folktales: {O}ral stories from the {C}aucasus with an introduction to {D}argi grammar},
  author={{van den Berg}, Helma E.},
  year=2001,
  publisher={Research School of Asian African and Amerindian Studies, Universiteit Leiden},
  series = 	 {CNWS Publications},
  number = 	 106
}


% Chapter 7



@TechReport{barylnikova2015,
  author = 	 {Barylnikova, Daria},
  title = 	 {Quasi-causative constructions in {M}ehweb},
  institution =  {HSE},
  year = 	 2015,
  type = 	 {Working papers by NRU HSE, series WP BRP ``Linguistics''},
  number = 	 26}



@book{comrie1989,
  title={Language universals and linguistic typology: {S}yntax and morphology},
  author={Comrie, Bernard},
  year={1989},
  publisher={University of Chicago Press},
  address={Chicago}
}



@TechReport{chechuro2015,
  author = 	 {Chechuro, Ilya},
  title = 	 {Nominal Morphology of {M}ehweb {D}argwa},
  institution =  {HSE},
  year = 	 2015,
  type = 	 {Working papers by NRU HSE, series WP BRP ``Linguistics''},
  number = 	 32}

@book{harris-campbell1995,
  title={Historical syntax in cross-linguistic perspective},
  author={Harris, Alice C. and Campbell, Lyle},
  number={74},
  series = 	 {Cambridge studies in linguistics},
  year={1995},
  publisher={Cambridge University Press},
  address={Cambridge}
}

@incollection{kulikov2001,
  title={Causatives},
  author={Kulikov, Leonid},
  booktitle={Language typology and language universals: {A}n international handbook},
  editor={Haspelmath, Martin},
  volume=2,
  pages={886--898},
  year=2001,
  publisher={De Gruyter},
  address = 	 {Berlin, New York}
}


@incollection{nedjalkov-silnitsky1973,
  title={The typology of morphological and lexical causatives},
  author={Nedjalkov, Vladimir and Silnitsky, Georgij},
  booktitle={Trends in {S}oviet theoretical linguistics},
  pages={1--32},
  year={1973},
  publisher={Springer},
  address = {Dordrecht},
  editor = 	 {Ferenc Kiefer}
}

@incollection{nedjalkov-litvinov1995,
  title={The {S}t {P}etersburg/{L}eningrad {T}ypology {G}roup},
  author={Nedjalkov, Vladimir and Litvinov, Viktor},
  booktitle={Approaches to language typology},
  pages={215-271},
  editor = 	 {Masayoshi Shibatani and Theodora Bynon},
  year=1995,
  publisher={Oxford University Press},
  address={Oxford}
}

@book{song2001,
  title={Linguistic typology: {M}orphology and syntax},
  author={Song, Jae Jung},
  year={2001},
  publisher={Longman},
  address={Harlow}
}


% chapter 8


@inproceedings{anand-nevins2004,
  title={Shifty operators in changing contexts},
  author={Anand, Pranav and Nevins, Andrew},
  booktitle={Proceedings of the 14th {S}emantics and {L}inguistic {T}heory {C}onference, {M}ay 14–16},
  organization = {Northwestern University},
  editor = {Robert B. Young},
  volume={14},
  pages={20--37},
  year={2004}
}

@book{bhatt2006,
  title={Covert modality in non-finite contexts},
  author={Bhatt, Rajesh},
  number=8,
  series = 	 {Interface explorations},
  year=2006,
  publisher={Mouton de Gruyter},
  address = 	 {Berlin, New York}
}



@article{forker2012,
  title={The bi-absolutive construction in {N}akh-{D}aghestanian},
  author={Forker, Diana},
  year=2012,
  journal = 	 {Folia Linguistica},
  volume = 46,
  number = 1,
  pages = {75-108},
  publisher={De Gruyter}
}

@article{gagliardi-etal2014,
  title={The biabsolutive construction in {L}ak and {T}sez},
  author={Gagliardi, Annie and Goncalves, Michael and Polinsky, Maria and Radkevich, Nina},
  journal={Lingua},
  volume={150},
  pages={137--170},
  year={2014},
  publisher={Elsevier}
}


@article{nikitina2012,
  title={Personal deixis and reported discourse: {T}owards a typology of person alignment},
  author={Tatiana Nikitina},
    year=2012,
  journal = 	 {Linguistic Typology},
  publisher={De Gruyter Mouton},
  volume = 	 16,
  number = 	 2,
  pages = {233--263}
}

@article{schlenker2003,
  title={A plea for monsters},
  author={Schlenker, Philippe},
  journal={Linguistics and {P}hilosophy},
  volume={26},
  number={1},
  pages={29--120},
  year={2003},
  publisher={Springer}
}


@article{shklovsky-sudo2014,
  title={The syntax of monsters},
  author={Shklovsky, Kirill and Sudo, Yasutada},
  journal={Linguistic Inquiry},
  volume={45},
  number={3},
  pages={381--402},
  year={2014},
  publisher={MIT Press}
}

@article{reinhart1981,
  title={Pragmatics and linguistics: {A}n analysis of sentence topics},
  author={Reinhart, Tanya},
  year={1981},
  journal = 	 {Philosophica},
  volume = 	 {27},
  pages = 	 {53-94}
}






% chapter 9

@incollection{creissels2010,
  title={Specialized converbs and adverbial subordination in {A}xaxdərə {A}khvakh},
  author={Creissels, Denis},
  booktitle={Clause linking and clause hierarchy: {S}yntax and pragmatics},
  pages={105--142},
  series = 	 {Studies in Language Companion Series},
  editor = 	 {Isabelle Bril},
  number = 	 {121},
  publisher = 	 {John Benjamins},
  year={2010},
  address = 	 {Amsterdam Philadelphia}
}

@incollection{haspelmath1995a,
  title={The converb as a cross-linguistically valid category},
  author={Haspelmath, Martin},
  booktitle={Converbs in cross-linguistic perspective},
  editor = 	 {Haspelmath, Martin and König, Ekkehard},
  pages={1--55},
  publisher = 	 {Mouton de Gruyter},
  year={1995},
  address = 	 {Berlin}
}


@InCollection{haspelmath1995b,
  author = 	 {Haspelmath, Martin},
  title = 	 {Contextual and specialized converbs in {L}ezgian},
  booktitle = 	 {Converbs in cross-linguistic perspective},
  publisher = {Mouton de Gruyter},
  year = 	 1995,
  editor = 	 {Haspelmath, Martin and König, Ekkehard},
  address = 	 {Berlin},
  pages = 	 {415-440}}

@InCollection{nedjalkov1995,
  author = 	 {Nedjalkov, Vladimir},
  title = 	 {Some typological parameters of converbs},
  booktitle = 	 {Converbs in cross-linguistic perspective},
  publisher = {Mouton de Gruyter},
  year = 	 1995,
  editor = 	 {Haspelmath, Martin and König, Ekkehard},
  pages = 	 {97-136},
  address = 	 {Berlin}}


@book{palmer2001,
  title={Mood and modality},
  author={Palmer, Frank R.},
  year={2001},
  publisher={Cambridge University Press},
  address={Cambridge}
}

@TechReport{sumbatova-lander2014:hse,
  author = 	 {Sumbatova, Nina and Lander, Yury},
  title = 	 {The {D}argwa Variety of the {T}anti Village. {A} Grammatical Sketch. {I}ssues in Syntax},
  institution =  {Higher School of Economics},
  year = 	 2014,
  type = 	 {Research Paper No. WP BRP, 12}}


% Chapter 10


@TechReport{sheyanova2015,
  author = 	 {Sheyanova, Maria},
  title = 	 {Specialized converbs in {M}ehweb},
  institution =  {Higher School of Economics},
  year = 	 2015,
  type = 	 {Research Paper No. WP BRP, 31}}


@TechReport{daniel2015:hse,
  author = 	 {Daniel, Michael},
  title = 	 {Mehweb verb morphology},
  institution =  {Higher School of Economics},
  year = 	 2015,
  type = 	 {Research Paper No. WP BRP, 28}}

@InCollection{dobrushina2008,
  author = 	 {Dobrushina, Nina},
  title = 	 {Imperativnyj konverb v arčinskom jazyke \upshape[{I}mperative converb in {A}rchi]},
  booktitle = 	 {Fonetika i nefonetika: {K} 70-letiju {Sandro V. Kodzasova}},
  publisher = {Jazyki slavjanskix kul'tur},
  year = 	 2008,
  pages = 	 {195-206},
  address = 	 {Moscow}}


@incollection{creissels2012,
  title={External agreement in the converbal construction of {N}orthern {A}khvakh},
  author={Creissels, Denis},
  booktitle={Clause Combining in Cross-Linguistic Perspective: {D}ata-Driven Approaches to Cross-Clausal Syntax},
  pages={127--156},
  year=2012,
  publisher = 	 {Walter de Gruyter},
  address = {Berlin},
  series = 	 {Trends in Linguistics. Studies and Monographs},
  number = 	 249,
  editor = 	 {Volker Gast and Holger Diessel}
}

@incollection{kazenin-testelets2004,
  title={Where coordination meets subordination: {C}onverb constructions in {T}sakhur ({D}aghestanian)},
  author={Kazenin, Konstantin and Testelets, Yakov},
  booktitle={Coordinating Constructions},
  series = {Typological studies in language},
  number={58},
  pages={227--240},
  year={2004},
  editor = 	 {Martin Haspelmath},
  publisher = 	 {John Benjamins},
  address = {Amsterdam}
}

@Article{kibrik2007,
  author = 	 {Kibrik, Aleksandr},
  title = 	 {Principy i strategii klauzal'nogo sočinenija v dagestanskix jazykax \upshape[{P}rinciples and strategies of clausal coordination in the languages of {D}aghestan]},
  journal = 	 {Voprosy jazykoznanija},
  year = 	 2007,
  volume = 	 3,
  pages = 	 {78-120}}

%  chapter 11


@incollection{könig-etal2013,
  address   = {Leipzig},
  author    = {Ekkehard König and Peter Siemund and Stephan Töpper},
  booktitle = {The World Atlas of Language Structures Online},
  editor    = {Matthew S. Dryer and Martin Haspelmath},
  publisher = {Max Planck Institute for Evolutionary Anthropology},
  title     = {Intensifiers and Reflexive Pronouns},
  url       = {http://wals.info/chapter/47},
  year      = {2013}
}

@book{asher-kumari1997,
  title={Malayalam. {D}escriptive Grammars},
  author={Asher, Ronald E. and Kumari, T. C.},
  publisher={Routledge},
  year={1997},
  address = 	 {London}
}


@article{ogawa1998,
  title={Emphatische {R}eflexiva im {S}prachvergleich: {D}eutsch-{J}apanisch},
  author={Ogawa, Akio},
  journal={STUF-Language Typology and Universals},
  volume={51},
  number={2},
  pages={164--178},
  year={1998},
  publisher={Akademie Verlag}
}

@article{sells1987,
  title={Aspects of logophoricity},
  author={Sells, Peter},
  journal={Linguistic inquiry},
  volume={18},
  number={3},
  pages={445--479},
  year={1987},
  publisher={JSTOR}
}

@Article{testelets-toldova1998,
  author = 	 {Testelets, Yakov and Toldova, Svetlana},
  title = 	 {Refleksivnye mestoimenija v dagestanskix jazykax i tipologija refleksiva \upshape[{R}eflexive pronouns in the languages of {D}aghestan in the typology of reflexives]},
  journal = 	 {Voprosy jazykoznanija},
  year = 	 1998,
  volume = 	 {4},
 pages={35--57}}

@book{cole-etal2000,
  title={Long distance reflexives},
  editor={Cole, Peter and Hermon, Gabriella and Huang, C.-T. James},
  year={2000},
  publisher={Brill},
  series = 	 {Syntax and Semantics},
  number = 	 {33}
}

@InProceedings{toldova1999,
  author = 	 {Toldova, Svetlana},
  title = 	 {Osobennosti mestoimennoj referencii pri peredače čuzhoj reči: {M}eždu dejksisom i anaforoj \upshape[{P}ronominal reference in reported speech: {B}etween deixis and anaphora]},
  booktitle = {Trudy meždunarodnoj konferencii {D}ialogue-1999},
  year = 	 1999,
  address = 	 {Moscow}}


@Book{reuland2011,
  author = 	 {Reuland, Eric J},
  title = 	 {Anaphora and Language Design},
  publisher = 	 {MIT Press},
  year = 	 2011,
  series = 	 {Linguistic Inquiry Monographs},
  address = 	 {Cambridge},
  number = 	 {63}}

@incollection{nichols2000,
  author = 	 {Nichols, Johanna},
  title = 	 {Long-Distance Reflexivization in {C}hechen and {I}ngush},
  booktitle={Long distance reflexives},
  editor={Cole, Peter and Hermon, Gabriella and Huang, C.-T. James},
  year=2000,
  publisher={Brill},
  series = 	 {Syntax and Semantics},
  number = 	 33
}

@techreport{lander-kozhukhar2015,
  title={Successfully looking for syntax in {M}ehweb {D}argwa relative clause constructions},
  author={Lander, Yury and Kozhukhar, Aleksandra},
  year={2015},
  institution = {Higher School of Economics},
  type = 	 {Research Paper No. WP BRP 34/LNG/2015}
}


@Article{clements1975,
  author = 	 {Clements, George N.},
  title = 	 {The Logophoric Pronoun in {E}we: {I}ts Role in Discourse},
  journal = 	 {Journal of West African Languages},
  year = 	 1975,
  volume = 	 2,
  pages = 	 {141-177}}

% chapter 13


@article{arkadiev-lander2013,
  title={Non-quantificational distributive quantifiers in {B}esleney {K}abardian},
  author={Arkadiev, Peter and Lander, Yury},
  journal={Snippets},
  pages={5--7},
  volume = 	 {27},
  year={2013}
}


@incollection{forker-belyaev2016,
  title={Word order and focus particles in {N}akh-{D}aghestanian languages},
  author={Forker, Diana and Belyaev, Oleg},
  booktitle={Information Structuring of Spoken Language from a Cross-linguistic Perspective},
  series = {Trends in Linguistics. Studies and Monographs},
  number={283},
  editor = 	 {M. M. Jocelyne Fernandez-Vest and Robert D. {Van Valin}},
  pages={239-261},
  year={2016},
  publisher={Mouton de Gruyter},
  address = 	 {Berlin}
}

@article{forker2013,
  title={Interrogative particles in {N}akh-{D}aghestanian languages},
  author={Forker, Diana},
  journal={Rice Working Papers in Linguistics},
  volume={4},
  year={2013},
  publisher={Rice University}
}



@incollection{harris1992,
  title={The particle \emph{-a} in {U}di},
  author={Harris, Alice C.},
  booktitle={The non-{S}lavic languages of the {USSR}: {L}inguistic studies},
  editor={Howard I. Aronson},
  address={Chicago, IL},
  publisher={Chicago Linguistic Society, University of Chicago}, 
  pages={135--156},
  year={1992}
}

@article{harris2000,
  title={Where in the word is the {U}di clitic?},
  author={Harris, Alice C.},
  journal={Language},
  pages={593--616},
  volume = 	 {76},
  year={2000},
  number = 	 {3},
  publisher={JSTOR}
}

@book{harris2002,
  title={Endoclitics and the origins of {U}di morphosyntax},
  author={Harris, Alice C.},
  year={2002},
  publisher={Oxford University Press},
  address={Oxford}
}


@InCollection{kalinina-sumbatova2007,
  author = 	 {Kalinina, Elena and Nina Sumbatova},
  title = 	 {Clause structure and verbal forms in {N}akh-{D}aghestanian languages},
  booktitle = 	 {Finiteness: {T}heoretical and Empirical Foundations},
  publisher = {Oxford University Press},
  year = 	 2007,
  editor = 	 {Irina Nikolaeva},
  pages = 	 {183-249},
  address = 	 {Oxford}}


@article{kazenin2002,
  title={Focus in {D}aghestanian and word order typology},
  author={Kazenin, Konstantin},
  journal={Linguistic Typology},
  volume={6},
  number={3},
  pages={289--316},
  year={2002}
}

@InProceedings{lander2009,
  author = 	 {Lander, Yury},
  title = 	 {Western {I}ndonesian prenominal modifiers and compositional obligatoriness},
  booktitle = {{VIII} {M}eždunarodnaja konferencija po jazykam {D}al'nego {V}ostoka, {J}ugo-{V}ostočnoj {A}zii i {Z}apadnoj {A}friki ({M}oskva, 22–24 sentjabrja 2009): {T}ezisy i doklady},
  year = 	 2009,
  editor = 	 {V. B. Kasevich and V. F. Vydrin and Yu. A. Lander and M. Kh. Shakhbieva},
  pages = 	 {242-257},
  address = 	 {Moscow},
  publisher = {Kluch-C}}

@InCollection{partee1987,
  author = 	 {Partee, Barbara H.},
  title = 	 {Noun phrase interpretation and type-shifting principles},
  booktitle = 	 {Studies in Discourse Representation Theory and the Theory of Generalized Quantifiers},
  publisher = {Foris},
  year = 	 1987,
  editor = 	 {Dick de Jongh and Martin Stokhof and Jeroen Groenendijk},
  pages = 	 {115-143},
  address = 	 {Dordrecht}}

@Article{sumbatova2011:rggu,
  author = 	 {Sumbatova, Nina},
  title = 	 {Pokazateli predikativnyx kategorij v darginskom jazyke \upshape[{M}arking predicative categories in {D}argwa]},
  journal = 	 {Vestnik RGGU, ser. “Filologičeskie nauki” / Moscow Linguistic Journal},
  year = 	 2011,
  volume = 	 11,
  pages = 	 {151-173}}


@incollection{testelets1998,
  title={Word order variation in some {SOV} languages of {E}urope},
  author={Testelets, Yakov},
  booktitle={Constituent order in the languages of {E}urope},
  pages={649--680},
  year={1998},
  publisher = 	 {Mouton de Gruyter},
  editor = 	 {Siewierska, Anna},
  address = 	 {Berlin}
}

% chapter 12

@phdthesis{alzaghir2013,
  title={Relativisation and Accessibility: {A} Corpus Analysis of Relative Clauses in {A}rabic Written Texts},
  author={Al{-Zaghir}, Zainab Marzouk},
  year=2014,
  school={University of Otago}
}

@book{ariel1990,
  title={Accessing noun-phrase antecedents},
  author={Mira Ariel},
  publisher={Routlege},
  address={London},
  year={1990}
}

@MastersThesis{barylnikova2015hse,
  author = 	 {Barylnikova, Daria},
  title = 	 {Pričastnaja strategija reljativizacii v naxsko-dagestanskix jazykax \upshape[{P}articipial relativization in {N}akh-{D}aghestanian languages]},
  school = 	 {Natural Research University Higher School of Economics},
  year = 	 2015,
  type = 	 {B. Ling. thesis},
  address = 	 {Moscow}}

@InProceedings{bošković2009,
  author = 	 {Bošković, Željko},
  title = 	 {On relativization strategies and resumptive pronouns},
  booktitle = {Studies in Formal {S}lavic Phonology, Morphology, Syntax, Semantics and Information Structure. {P}roceedings of {FDSL} 7},
  year = 	 2009,
  editor = 	 {Gerhild Zybatow and Uwe Junghanns and Denisa Lenertová and Petr Biskup},
  pages = 	 {79-93},
  address = 	 {Bern},
  publisher = {Peter Lang}}


@inproceedings{comrie1996,
  title={The unity of noun-modifying clauses in {A}sian languages},
  author={Comrie, Bernard},
  booktitle={Pan-{A}siatic Linguistics: {P}roceedings of the {F}ourth {I}nternational {S}ymposium on {L}anguages and {L}inguistics},
  volume=3,
  pages={1077--1088},
  year=1996,
  publisher = 	 {Institute of Language and Culture for Rural Development, Mahidol University},
  address = 	 {Salaya}
}

@article{comrie1998,
  title={Rethinking the typology of relative clauses},
  author={Comrie, Bernard},
  journal={Language design: {J}ournal of theoretical and experimental linguistics},
  volume={1},
  pages={59--85},
  year={1998}
}

@incollection{comrie-etal2017,
  title={General noun modifying clause constructions in {H}inuq and {B}ezhta, with a note on other {D}aghestanian languages},
  author={Comrie, Bernard and Forker, Diana and Khalilova, Zaira},
  booktitle={Noun-Modifying Clause Constructions in Languages of {E}urasia: {R}ethinking theoretical and geographical boundaries},
  number={116},
  series = 	 {Typological Studies in Language},
  pages={121-146},
  year={2017},
  publisher={John Benjamins},
  editor = 	 {Yoshiko Matsumoto and Bernard Comrie and Peter Sells},
  address = 	 {Amsterdam}
}

@incollection{comrie-polinsky1999,
  title={Form and function in syntax: {R}elative clauses in {T}sez},
  author={Comrie, Bernard and Polinsky, Maria},
  booktitle={Functionalism and Formalism in Linguistics. {V}ol. {II}: {C}ase Studies},
  pages={77--92},
  editor = 	 {Michael Darnell and Edith A. Moravcsik and Michael Noonan and Frederick J. Newmeyer and Kathleen Wheatley},
  year={1999},
  series = 	 {Studies in Language Companion Series},
  number = {42},
  publisher={John Benjamins},
  address = 	 {Amsterdam}
}


@inbook{johanson-csató1998,
  title={Turkish},
  author={Johanson, Lars and Csató, Éva Á.},
  booktitle={The {T}urkic Languages},
  pages={203--235},
  editor = 	 {Lars Johanson and Éva Á. Csató},
  year={1998},
  chapter = 	 {11},
  publisher = 	 {Routlege},
  address = 	 {London}
}

@article{csató-uchturpani2010,
  title={On {U}yghur relative clauses},
  author={Csató, Éva Á. and Uchturpani, Muzappar A.},
  journal={Turkic Languages},
  volume={14},
  pages={69--93},
  year={2010},
  publisher={Harrassowitz}
}

@inproceedings{daniel-lander2008,
  author = 	 {Daniel, Michael and Yury Lander},
  title = 	 {O nekotoryx osobennostjax otnositel'noj konstrukcii v dagestanskix jazykax \upshape[{O}n some properties of relativization in {D}aghestanian languages]},
  booktitle = 	 {Kavkazskije jazyki: {G}enetičeskie, tipologičeskie i areal'nye svjazi},
  year = 	 2008,
  editor = 	 {Magomedov, Magomed I.},
  pages = 	 {245-251},
  address = 	 {Maxačkala}}


@inproceedings{lander2008,
  author = 	 {Yury Lander},
  title = 	 {Nestandartnoe množestvennoe čislo v tantynskom darginskom \upshape[{N}on-standard plural in {T}anti {D}argwa]},
  booktitle = 	 {Kavkazskije jazyki – genetičeskie, tipologičeskie i areal'nye svjazi. {M}aterial meždunarodnoj naučnoj konferencii},
  year = 	 2008,
  editor = {Magomedov, M. I.},
  month = 	 {October 14–16},
  pages = 	 {241-245},
  address = 	 {Maxačkala},
  publisher = 	 {IJaLI imeni G. Cadasy DNC RAN}}


@booklet{daniel-lander2010,
  title={A girl of word, meat of a ram, and a life of longing. {O}n peculiar cases of relativization in {E}ast {C}aucasian languages},
  author={Daniel, Michael and Lander, Yury},
  note={Paper presented at Syntax of the World’s Languages IV, Institut des Sciences de l’Homme, Lyon, 26 September},
  year={2010}
}


@incollection{daniel-lander2013,
  title={Neravnopravie rolej v otnositel’nyx konstrukcijax: {M}aterialy po častotnosti reljativizacii v arčinskom i udinskom jazykax \upshape[{S}emantic role asymmetry in relative constructions: {C}omparative data on relativization frequency in {A}rchi and {U}di]},
  author={Daniel, Michael and Lander, Yury},
  booktitle={Semantika jazykovyx edinic raznyx urovnej},
  pages={59--78},
  volume = 	 15,
  year=2013,
  publisher = 	 {DGU},
  address = 	 {Maxačkala}
}

@incollection{erteschik-shir1992,
  title={Resumptive pronouns in islands},
  author={Erteschik-Shir, Nomi},
  booktitle={Island constraints: {T}heory, Acquisition and Processing},
  pages={89--108},
  editor = 	 {Helen Goodluck and Michael Rochemont},
  year={1992},
  series = 	 {Studies in Theoretical Psycholinguistics},
  publisher={Springer},
  number = 	 {15}
}


@phdthesis{kawachi2007,
  title={A grammar of {S}idaama ({S}idamo), a {C}ushitic language of {E}thiopia},
  author={Kawachi, Kazuhiro},
  year={2007},
  school={University at Buffalo, the State University of New York}
}


@incollection{keenan1975,
  title={Logical expressive power and syntactic variation in natural languages},
  author={Keenan, Edward L.},
  year=1975,
  booktitle = 	 {Formal semantics of natural language},
  editor={Edward L. Keenan},
  pages={406-421},
  publisher={Cambridge University Press},
  address = 	 {Cambridge}
}

@article{keenan-comrie1977,
  title={Noun phrase accessibility and universal grammar},
  author={Keenan, Edward L. and Comrie, Bernard},
  journal={Linguistic inquiry},
  volume={8},
  number={1},
  pages={63--99},
  year={1977},
  publisher={JSTOR}
}

@inproceedings{kerslake1998,
  title={Definiteness, referentiality and animacy in pronominal participial clauses in {T}urkish},
  author={Kerslake, Celia J.},
  booktitle={The {M}ainz {M}eeting: {P}roceedings of the {S}eventh {I}nternational {C}onference on {T}urkish {L}inguistics, {A}ugust 3-6, 1994},
  number=32,
  series = 	 {Turcologica Series},
  editor = 	 {Lars Johanson and Éva Ágnes Csató},
  pages={321-347},
  year=1998,
  publisher={Otto Harrassowitz Verlag},
  address = {Wiesbaden}
}

@Article{kibrik1980,
  author = 	 {Kibrik, Aleksandr},
  title = 	 {Predikatno-argumentnye otnošenija v semantičeski èrgativnyx jazykax \upshape[{P}redicate argument relations in languages with semantic ergativity]},
  journal = 	 {Izvestija AN SSSR. Ser. literatury i jazyka},
  year = 	 1980,
  volume = 	 39,
  number = 	 4,
  pages = 	 {324-335}}


@TechReport{kozhukhar2014,
  author = 	 {Kozhukhar, Aleksandra},
  title = 	 {The pronoun sawi and its functions in {D}argwa {M}ehweb},
  institution =  {Higher School of Economics},
  year = 	 2014,
  type = 	 {Working papers by NRU HSE. Series WP BRP ``Linguistics''},
  number = 	 {14/LNG/2014}}

@misc{kozhukhar-barylnikova2013,
  author = 	 {Kozhukhar, Aleksandra and Daria Barylnikova},
  title = 	 {Multilingualism in {D}aghestan},
  institution =  {Higher School of Economics},
  year = 	 2013,
  type = 	 {Working papers by NRU HSE. Series WP BRP ``Linguistics''},
  number = 	 {04/LNG/2013}}

@TechReport{lander2014,
  author = 	 {Lander, Yury},
  title = 	 {Modifier incorporation in {D}argwa nominals},
  institution =  {Higher School of Economics},
  year = 	 2014,
  type = 	 {Working papers by NRU HSE. Series WP BRP ``Linguistics''},
  number = 	 {12/LNG/2014}}

@incollection{lander2015,
  title={On how compositionality relates to syntactic prototypes and grammaticalization},
  author={Lander, Yury},
  booktitle={Donum semanticum: {O}pera linguistica et logica in honorem {B}arbarae {P}artee a discipulis amicisque {R}ossicis oblata},
  pages={146--155},
  editor = 	 {Peter Arkadiev and Ivan Kapitonov and Ekaterina Rakhilina},
  year={2015},
  publisher={Jazyki slavjanskoj kul'tury},
  address={Moscow}
}

@PhdThesis{lee2004,
  author = 	 {Lee, Sun-Hee},
  title = 	 {A lexical analysis of select unbounded dependency constructions in {K}orean},
  school = 	 {The Ohio State University},
  year = 	 2004}

@book{lehmann1984,
  title={Der {R}elativsatz: {T}ypologie seiner {S}trukturen, {T}heorie seiner {F}unktionen, {K}ompendium seiner {G}rammatik},
  author={Lehmann, Christian},
  year={1984},
  publisher={Gunter Narr},
  address={Tübingen}
}


@article{liao2000,
  title={The Noun Phrase Accessibility Hierarchy revisited: {A} view from ergative languages},
  author={Liao, Hsiu-Chuan},
  journal={University of Hawai’i Working Papers in Linguistics},
  volume={31},
  pages={121--142},
  year={2000}
}

@InCollection{lyutikova1999,
  author = 	 {Lyutikova, Ekaterina},
  title = 	 {Otnositel'noe predloženie \upshape[{R}elativization]},
  booktitle = 	 {Èlementy caxurskogo jazyka v tipologičeskom osveščenii},
  publisher = {Nasledie},
  year = 	 1999,
  editor = 	 {Alexander E. Kibrik and Yakov G. Testelets},
  pages = 	 {461-481},
  address = 	 {Moscow}}

@InCollection{lyutikova2001,
  author = 	 {Lyutikova, Ekaterina},
  title = 	 {Otnositel'noe predloženie \upshape[{R}elativization]},
  booktitle = 	 {Bagvalinskij jazyk. {G}rammatika. {T}eksty. {S}lovari},
  publisher = {Nasledie},
  year = 	 2001,
  editor = 	 {Kibrik, A. E. and Kazenin, K. I. and  E. A. Ljutikova and S. G. Tatevosov},
  pages = 	 {492-511},
  address = 	 {Moscow}}


@inproceedings{matsumoto1988,
  title={Semantics and pragmatics of noun-modifying constructions in {J}apanese},
  author={Matsumoto, Yoshiko},
  booktitle={Proceedings of the {A}nnual {M}eeting of the {B}erkeley {L}inguistics {S}ociety},
  volume={14},
  pages={166--175},
  year={1988},
  editor = 	 {Shelley Axmaker and Helen Singmaster},
  publisher = 	 {Berkeley Linguistics Society}
}

@book{matsumoto1997,
  title={Noun-modifying constructions in {J}apanese: {A} frame semantic approach},
  author={Matsumoto, Yoshiko},
  number={35},
  series = 	 {Studies in Language Companion Series},
  year={1997},
  publisher={John Benjamins},
  address = 	 {Amsterdam}
}

@book{matsumoto-etal2017,
  title={Noun-Modifying Clause Constructions in Languages of {E}urasia: {R}ethinking theoretical and geographical boundaries},
  number={116},
  series = 	 {Typological Studies in Language},
  year={2017},
  publisher={John Benjamins},
  editor = 	 {Yoshiko Matsumoto and Bernard Comrie and Peter Sells},
  address = 	 {Amsterdam}
}

@article{maxwell1979,
  title={Strategies of relativization and {NP} accessibility},
  author={Maxwell, Daniel N.},
  journal={Language},
  volume = 	 {55},
  number = 	 {2},
  pages={352--371},
  year={1979},
  publisher={JSTOR}
}



@incollection{vannice-dietrich2003,
  title={Animacy effects in language production: {F}rom mental model to formulator},
  author={{van Nice}, Kathy Y. and Dietrich, Rainer},
  series={Trends in linguistics studies and monographs},
  number={152},
  booktitle = 	 {Mediating between Concepts and Grammar},
  editor = 	 {Holden Härtl and Heike Tappe},
  pages={101--118},
  year={2003},
  publisher={Mouton de Gruyter}
}


@PhdThesis{ross1967,
  author = 	 {Ross, John R.},
  title = 	 {Constraints on variables in syntax},
  school = 	 {MIT},
  year = 	 1967}


@incollection{tatevosov1996,
  title={Relative clauses},
  author={Tatevosov, Sergei},
  booktitle={Godoberi},
  editor = 	 {Alexandr E. Kibrik and Sergej G. Tatevosov and Alexander Eulenberg},
  pages={210--217},
  year=1996,
  publisher={Lincom Europa},
  address = 	 {Munich}
}


@book{devries2002,
  title={The syntax of relativization},
  author={De Vries, Mark},
  series = 	 {LOT international series},
  number=53,
  year=2002,
  publisher={LOT},
  address={Utrecht}
}
